@article{bernstein1913demonstration,
 author={Сергей Натанович Бернштейн},
 title={Démonstration du théorème de Weierstrass, fondée sur le calcul des probabilités},
 volume={13},
 year={1913},
 journaltitle={Сообщения Харьковское математическое общество},
 series={2},
 language={french},
 origlanguage={russian},
 url={http://www.math.technion.ac.il/hat/fpapers/bern1.pdf},
 urldate={2014-06-21},
}

@article{weierestrass1885uber,
 author={Karl Weierstraß},
 title={Über die analytische Darstellbarkeit sogenannter willkürlicher Functionen einer reellen Veränderlichen},
 year={1885},
 journaltitle={Sitzungsberichte der Königlich Preußischen Akademie der Wissenschaften zu Berlin},
 language={german},
 url={http://bibliothek.bbaw.de/bibliothek-digital/digitalequellen/schriften/anzeige/index_html?band=10-sitz/1885-2&seite:int=109},
 urldate={2017-03-18},
}

@article{pinkus2000weierstrass,
    title={Weierstrass and Approximation Theory},
 author={Allan Pinkus},
    journal={Journal of Approximation Theory},
    volume={107},
    number={1},
    pages={1 - 66},
    year={2000},
    issn={0021-9045},
    doi={http://dx.doi.org/10.1006/jath.2000.3508},
    url={http://www.math.technion.ac.il/hat/fpapers/wap.pdf},
 urldate={2017-03-18},
}

@article{heine1872elemente,
 author={Eduard Heine},
 title={Die Elemente der Functionenlehre},
 year={1872},
 journaltitle={Journal für die reine und angewandte Mathematik},
 volume={74},
 language={german},
 url={http://www.digizeitschriften.de/dms/img/?PID=GDZPPN002154927},
 urldate={2017-03-18},
}

@article{chebyshev1867valeurs,
 title={Des valeurs moyennes},
 author={Пафну́тий Льво́вич Чебышёв},
 year={1867},
 journal={Journal de mathématiques pures et appliquées},
 pages={177–184},
 volume={12},
 series={2},
}

@article{korovkin1959linear,
    author = {Павел Петрович Коровкин},
    title = {On convergence of linear positive operators in the space of continuous functions},
    year = {1953},
    language={english},
 origlanguage={russian},
    journal={Доклады Академии Наук},
    volume={90},
 pages={961-964},
}
